<?xml version="1.0" encoding="UTF-8"?><collection xmlns="http://www.loc.gov/MARC21/slim"><record><leader>00368nam--2200121-i-4500</leader><controlfield tag="001">000020910</controlfield><controlfield tag="002">20161230</controlfield><controlfield tag="005">20161230201033</controlfield><controlfield tag="008">060222s1000------------r-----000-0-eng-d</controlfield><datafield ind1=" " ind2=" " tag="080"><subfield code="a">061.62(540):001.891:339.12</subfield></datafield><datafield ind1=" " ind2=" " tag="245"><subfield code="a">Letter of intent for the study of cp violation heavy flavor physics at pep-ii</subfield></datafield><datafield ind1=" " ind2=" " tag="260"><subfield code="a">California, Stanford University, 1994 325 P</subfield></datafield><datafield ind1=" " ind2=" " tag="852"><subfield code="a">80242</subfield></datafield></record></collection>